@article{attpaper,
  author       = {Ashish Vaswani and
		  Noam Shazeer and
		  Niki Parmar and
		  Jakob Uszkoreit and
		  Llion Jones and
		  Aidan N. Gomez and
		  Lukasz Kaiser and
		  Illia Polosukhin},
  title        = {Attention Is All You Need},
  journal      = {CoRR},
  volume       = {abs/1706.03762},
  year         = {2017},
  url          = {http://arxiv.org/abs/1706.03762},
  eprinttype    = {arXiv},
  eprint       = {1706.03762},
  timestamp    = {Sat, 23 Jan 2021 01:20:40 +0100},
  biburl       = {https://dblp.org/rec/journals/corr/VaswaniSPUJGKP17.bib},
  bibsource    = {dblp computer science bibliography, https://dblp.org}
}
